/Users/cunha/GDrive/personal/references.bib